@MISC{SPARC,
	HOWPUBLISHED = "\url{https://sparc.org/technical-documents/}",
	AUTHOR = "SPARC",
	TITLE = "Documentos técnicos",
	MONTH = "09",
	YEAR = "2024",
	URLDATE = {2024-09-13}
}

@MISC{GR712RC,
	HOWPUBLISHED = "\url{https://www.gaisler.com/index.php/products/components/gr712rc}",
	AUTHOR = "FrontGrade",
	TITLE = "Microprocesador GR712RC",
	MONTH = "01",
	YEAR = "2023",
	URLDATE = {2024-09-13}
}

@MISC{UT700,
	HOWPUBLISHED = "\url{https://www.frontgrade.com/product/ut700}",
	AUTHOR = "FrontGrade",
	TITLE = "Microprocesador UT700",
	MONTH = "01",
	YEAR = "2024",
	URLDATE = {2024-09-13}
}

@MISC{QEMU,
	HOWPUBLISHED = "\url{https://www.qemu.org/}",
	AUTHOR = "QEMU",
	TITLE = "Sitio web oficial de QEMU",
	MONTH = "01",
	YEAR = "2024",
	URLDATE = {2024-09-13}
}

@MISC{NASA_GITHUB,
	HOWPUBLISHED = "\url{https://github.com/orgs/nasa/repositories?q=lang\%3Ac\%2B\%2B&type=all}",
	AUTHOR = "NASA",
	TITLE = "Proyectos C++ públicos de la NASA.",
	MONTH = "01",
	YEAR = "2024",
	URLDATE = {2024-09-27}
}

@MISC{CLANG_TIDY,
	HOWPUBLISHED = "\url{https://clang.llvm.org/extra/clang-tidy/}",
	AUTHOR = "LLVM",
	TITLE = "Página oficial de Clang Tidy.",
	MONTH = "01",
	YEAR = "2024",
	URLDATE = {2024-09-27}
}

@MISC{CLANG_FORMAT,
	HOWPUBLISHED = "\url{https://clang.llvm.org/docs/ClangFormat.html}",
	AUTHOR = "LLVM",
	TITLE = "Página oficial de Clang Format.",
	MONTH = "01",
	YEAR = "2024",
	URLDATE = {2024-09-27}
}

@MISC{LATEX,
	HOWPUBLISHED = "\url{https://www.latex-project.org/}",
	AUTHOR = "LaTeX",
	TITLE = "Página oficial de Latex.",
	MONTH = "01",
	YEAR = "2024",
	URLDATE = {2024-09-27}
}

@MISC{DOXYGEN,
	HOWPUBLISHED = "\url{https://www.doxygen.nl/index.html}",
	AUTHOR = "Doxygen",
	TITLE = "Página oficial de Doxygen.",
	MONTH = "01",
	YEAR = "2024",
	URLDATE = {2024-09-27}
}

@MISC{EMACS,
  HOWPUBLISHED = "\url{https://www.gnu.org/software/emacs/}",
  AUTHOR = "GNU",
  TITLE = "Página oficial de Emacs.",
  MONTH = "01",
  YEAR = "2024",
  URLDATE = {2024-09-27}
}

@MISC{AUCTEX,
  HOWPUBLISHED = "\url{https://www.gnu.org/software/auctex/}",
  AUTHOR = "GNU",
  TITLE = "Página oficial de AUCTeX.",
  MONTH = "01",
  YEAR = "2024",
  URLDATE = {2024-09-27}
}

@MISC{MELPA,
  HOWPUBLISHED = "\url{https://melpa.org/}",
  AUTHOR = "MELPA",
  TITLE = "Repositorios de paquetes para Emacs MELPA.",
  MONTH = "01",
  YEAR = "2024",
  URLDATE = {2024-09-27}
}

@MISC{GITLAB,
  HOWPUBLISHED = "\url{https://gitlab.com}",
  AUTHOR = "GitLab",
  TITLE = "Página oficial de GitLab.",
  MONTH = "01",
  YEAR = "2024",
  URLDATE = {2024-09-27}
}


